@phdthesis{yang2016analytics,
  title={Analytics Meta Learning},
  author={Yang, Zi},
  year={2016},
  school={University of Illinois at Urbana-Champaign}
}

@article{chandu2017tackling,
  title={Tackling Biomedical Text Summarization: OAQA at BioASQ 5B},
  author={Chandu, Khyathi and Naik, Aakanksha and Chandrasekar, Aditya and Yang, Zi and Gupta, Niloy and Nyberg, Eric},
  journal={BioNLP 2017},
  pages={58--66},
  year={2017}
}
